<?xml version="1.0" encoding="UTF-8"?><collection xmlns="http://www.loc.gov/MARC21/slim"><record><leader>00523nam--2200181-i-4500</leader><controlfield tag="001">000026791</controlfield><controlfield tag="002">20161230</controlfield><controlfield tag="005">20161230201036</controlfield><controlfield tag="008">060222s1000------------r-----000-0-cze-d</controlfield><datafield ind1=" " ind2=" " tag="041"><subfield code="a">cze</subfield></datafield><datafield ind1=" " ind2=" " tag="080"><subfield code="a">530.12</subfield></datafield><datafield ind1="1" ind2=" " tag="100"><subfield code="a">Klimes, B</subfield></datafield><datafield ind1="1" ind2="0" tag="245"><subfield code="a">Zaklady fysiky</subfield><subfield code="b">I: uvod do studia fysiky mechanika akustika termika</subfield><subfield code="c">B. Klimes, J. Pachner, E. Riman, K. Sedlacek, J. Tichy</subfield></datafield><datafield ind1=" " ind2=" " tag="260"><subfield code="a">Praha, Ceskoslovenska Akademie, 1972,</subfield></datafield><datafield ind1=" " ind2=" " tag="300"><subfield code="a">665P</subfield></datafield><datafield ind1="1" ind2=" " tag="700"><subfield code="a">Tichy, J</subfield></datafield><datafield ind1=" " ind2=" " tag="852"><subfield code="a">76518</subfield><subfield code="c">531</subfield></datafield><datafield ind1=" " ind2=" " tag="CAT"><subfield code="a">Sys</subfield><subfield code="c">20100708</subfield><subfield code="h">104657</subfield></datafield></record></collection>